@article{chung2016hierarchical,
  title={Hierarchical {M}ultiscale {R}ecurrent {N}eural {N}etworks},
  author={Chung, Junyoung and Ahn, Sungjin and Bengio, Yoshua},
  journal={arXiv preprint arXiv:1609.01704},
  year={2016}
}

@article{hihi1995hierarchical,
  title={Hierarchical {R}ecurrent {N}eural {N}etworks for long-term dependencies},
  author={Hihi, Salah and Bengio, Yoshua},
  journal={Advances in neural information processing systems},
  volume={8},
  year={1995}
}

@article{hochreiter1997long,
  title={Long short-term memory},
  author={Hochreiter, Sepp and Schmidhuber, J{\"u}rgen},
  journal={Neural computation},
  volume={9},
  number={8},
  pages={1735--1780},
  year={1997},
  publisher={MIT press}
}

@inproceedings{koutnik2014clockwork,
  title={A clockwork {RNN}},
  author={Koutnik, Jan and Greff, Klaus and Gomez, Faustino and Schmidhuber, Juergen},
  booktitle={International conference on machine learning},
  pages={1863--1871},
  year={2014},
  organization={PMLR}
}

@article{ling2015character,
  title={Character-based neural machine translation},
  author={Ling, Wang and Trancoso, Isabel and Dyer, Chris and Black, Alan W},
  journal={arXiv preprint arXiv:1511.04586},
  year={2015}
}

@inproceedings{sordoni2015hierarchical,
  title={A hierarchical recurrent encoder-decoder for generative context-aware query suggestion},
  author={Sordoni, Alessandro and Bengio, Yoshua and Vahabi, Hossein and Lioma, Christina and Grue Simonsen, Jakob and Nie, Jian-Yun},
  booktitle={proceedings of the 24th ACM international on conference on information and knowledge management},
  pages={553--562},
  year={2015}
}

@article{krueger2016zoneout,
  title={Zoneout: Regularizing {RNN}s by randomly preserving hidden activations},
  author={Krueger, David and Maharaj, Tegan and Kram{\'a}r, J{\'a}nos and Pezeshki, Mohammad and Ballas, Nicolas and Ke, Nan Rosemary and Goyal, Anirudh and Bengio, Yoshua and Courville, Aaron and Pal, Chris},
  journal={arXiv preprint arXiv:1606.01305},
  year={2016}
}

@article{marcus1993building,
  title={Building a large annotated corpus of English: {T}he {P}enn {T}reebank},
  author={Marcus, Mitch and Santorini, Beatrice and Marcinkiewicz, Mary Ann},
  journal={Computational linguistics},
  volume={19},
  number={2},
  pages={313--330},
  year={1993}
}

@article{mahoney2011large,
  title={Large text compression benchmark},
  author={Mahoney, Matt},
  year={2011}
}
%url={https://www.mattmahoney.net/dc/text.html}

@article{hutter2012human,
  title={The human knowledge compression contest},
  author={Hutter, Marcus},
  year={2012}
}
%url={http://prize.hutter1.net}

@inproceedings{liwicki2005iam,
  title={{I}{A}{M}-{O}n{D}{B}-an on-line English sentence database acquired from handwritten text on a whiteboard},
  author={Liwicki, Marcus and Bunke, Horst},
  booktitle={Eighth International Conference on Document Analysis and Recognition (ICDAR'05)},
  pages={956--961},
  year={2005},
  organization={IEEE}
}

@article{graves2013generating,
  title={Generating sequences with recurrent neural networks},
  author={Graves, Alex},
  journal={arXiv preprint arXiv:1308.0850},
  year={2013}
}

@article{ha2016hypernetworks,
  title={Hypernetworks},
  author={Ha, David and Dai, Andrew and Le, Quoc V},
  journal={arXiv preprint arXiv:1609.09106},
  year={2016}
}

@article{cooijmans2016recurrent,
  title={Recurrent batch normalization},
  author={Cooijmans, Tim and Ballas, Nicolas and Laurent, C{\'e}sar and G{\"u}l{\c{c}}ehre, {\c{C}}a{\u{g}}lar and Courville, Aaron},
  journal={arXiv preprint arXiv:1603.09025},
  year={2016}
}

@inproceedings{zilly2017recurrent,
  title={Recurrent highway networks},
  author={Zilly, Julian Georg and Srivastava, Rupesh Kumar and Koutn{\i}k, Jan and Schmidhuber, J{\"u}rgen},
  booktitle={International conference on machine learning},
  pages={4189--4198},
  year={2017},
  organization={PMLR}
}

@article{review,
    title={Responses to reviews of '{H}ierarchical multiscale recurrent neural networks'},
    author={Chung, Junyoung and Ahn, Sungjin and Bengio, Yoshua},
    year={2016},
    url={https://openreview.net/forum?id=S1di0sfgl}
}

@article{hinton2012neural,
  title={Neural Networks for Machine Learning},
  author={Hinton, GE},
    journal={Coursera, video lectures},
  year={2012}
}

@article{radford2019language,
  title={Language models are unsupervised multitask learners},
  author={Radford, Alec and Wu, Jeffrey and Child, Rewon and Luan, David and Amodei, Dario and Sutskever, Ilya and others},
  journal={OpenAI blog},
  year={2019}
}